<record xmlns='http://www.loc.gov/MARC21/slim'><leader>01483cam a2200361 i 4500</leader><controlfield tag='001'>7328922</controlfield><controlfield tag='005'>20170609092005.0</controlfield><controlfield tag='008'>040217t20042004ja a   j      000 1 jpn  </controlfield><datafield ind1=' ' ind2=' ' tag='020'><subfield code='a'>9784834006322</subfield></datafield><datafield ind1=' ' ind2=' ' tag='020'><subfield code='a'>4834006328</subfield></datafield><datafield ind1=' ' ind2=' ' tag='040'><subfield code='a'>ANL</subfield><subfield code='b'>eng</subfield><subfield code='e'>rda</subfield></datafield><datafield ind1='1' ind2=' ' tag='100'><subfield code='6'>880-04</subfield><subfield code='a'>Kanzawa, Toshiko,</subfield><subfield code='d'>1924-</subfield><subfield code='e'>author.</subfield></datafield><datafield ind1='1' ind2=' ' tag='880'><subfield code='6'>100-04</subfield><subfield code='a'>神沢利子,</subfield><subfield code='d'>1924-</subfield><subfield code='e'>author.</subfield></datafield><datafield ind1='1' ind2='0' tag='245'><subfield code='6'>880-01</subfield><subfield code='a'>Shika yo ore no kyōdai yo /</subfield><subfield code='c'>Kanzawa Toshiko saku ; G.D.Pavurīshin e.</subfield></datafield><datafield ind1='1' ind2='0' tag='880'><subfield code='6'>245-01</subfield><subfield code='a'>鹿よおれの兄弟よ /</subfield><subfield code='c'>神沢利子作 ; G.D.パヴリーシン絵.</subfield></datafield><datafield ind1=' ' ind2='1' tag='264'><subfield code='6'>880-02</subfield><subfield code='a'>Tōkyō :</subfield><subfield code='b'>Fukuinkan Shoten,</subfield><subfield code='c'>2004.</subfield></datafield><datafield ind1=' ' ind2='1' tag='880'><subfield code='6'>264-02</subfield><subfield code='a'>東京 :</subfield><subfield code='b'>福音館書店,</subfield><subfield code='c'>2004.</subfield></datafield><datafield ind1=' ' ind2='4' tag='264'><subfield code='c'>©2004</subfield></datafield><datafield ind1=' ' ind2=' ' tag='300'><subfield code='a'>36 unnumbered pages :</subfield><subfield code='b'>colour illustrations ;</subfield><subfield code='c'>29 x 31 cm.</subfield></datafield><datafield ind1=' ' ind2=' ' tag='336'><subfield code='a'>text</subfield><subfield code='2'>rdacontent</subfield></datafield><datafield ind1=' ' ind2=' ' tag='336'><subfield code='a'>still image</subfield><subfield code='2'>rdacontent</subfield></datafield><datafield ind1=' ' ind2=' ' tag='337'><subfield code='a'>unmediated</subfield><subfield code='2'>rdamedia</subfield></datafield><datafield ind1=' ' ind2=' ' tag='338'><subfield code='a'>volume</subfield><subfield code='2'>rdacarrier</subfield></datafield><datafield ind1='1' ind2=' ' tag='490'><subfield code='6'>880-03</subfield><subfield code='a'>Sekai kessaku ehon shirīzu</subfield></datafield><datafield ind1='1' ind2=' ' tag='880'><subfield code='6'>490-03</subfield><subfield code='a'>世界傑作絵本シリーズ</subfield></datafield><datafield ind1=' ' ind2=' ' tag='500'><subfield code='a'>Fiction.</subfield></datafield><datafield ind1=' ' ind2=' ' tag='586'><subfield code='6'>880-05</subfield><subfield code='a'>Dai 53-kai Shōgakukan Jidō Shuppan Bunkashō, 2004</subfield></datafield><datafield ind1=' ' ind2=' ' tag='880'><subfield code='6'>586-05</subfield><subfield code='a'>第53回小学館児童出版文化賞, 2004</subfield></datafield><datafield ind1=' ' ind2=' ' tag='586'><subfield code='6'>880-06</subfield><subfield code='a'>Dai 36-kai Kōdansha Shuppan Bunkashō Ehonshō, 2005</subfield></datafield><datafield ind1=' ' ind2=' ' tag='880'><subfield code='6'>586-06</subfield><subfield code='a'>第36回講談社出版文化賞絵本賞, 2005</subfield></datafield><datafield ind1='1' ind2=' ' tag='700'><subfield code='a'>Pavlishin, Gennadiĭ,</subfield><subfield code='e'>illustrator.</subfield></datafield><datafield ind1=' ' ind2='0' tag='830'><subfield code='6'>880-07</subfield><subfield code='a'>Sekai kessaku ehon shirīzu.</subfield></datafield><datafield ind1=' ' ind2='0' tag='880'><subfield code='6'>830-07</subfield><subfield code='a'>世界傑作絵本シリーズ.</subfield></datafield></record>